<?xml version="1.0" encoding="UTF-8"?><collection xmlns="http://www.loc.gov/MARC21/slim"><record><leader>00336nam--2200109-i-4500</leader><controlfield tag="001">000046708</controlfield><controlfield tag="002">20161230</controlfield><controlfield tag="005">20161230201046</controlfield><controlfield tag="008">060222s1000------------r-----000-0-eng-d</controlfield><datafield ind1=" " ind2=" " tag="245"><subfield code="a">Module des fibres stables sur les corbbes algebriques. notes de l`ecole normale superieure. printemps, 1983</subfield></datafield><datafield ind1=" " ind2=" " tag="700"><subfield code="a">Verdier,Jean-louis,/S.A.</subfield></datafield><datafield ind1=" " ind2=" " tag="852"><subfield code="a">70155</subfield></datafield></record></collection>